<?xml version="1.0" encoding="UTF-8"?><collection xmlns="http://www.loc.gov/MARC21/slim"><record><leader>00306nam--2200121-i-4500</leader><controlfield tag="001">000021255</controlfield><controlfield tag="002">20161230</controlfield><controlfield tag="005">20161230201034</controlfield><controlfield tag="008">060222s1000------------r-----000-0-eng-d</controlfield><datafield ind1=" " ind2=" " tag="245"><subfield code="a">High polymer physics. a symposium</subfield></datafield><datafield ind1=" " ind2=" " tag="260"><subfield code="a">New York, Remsen Press, 1948, Xiv + 572 P</subfield></datafield><datafield ind1=" " ind2=" " tag="700"><subfield code="a">Robinson, H</subfield></datafield><datafield ind1=" " ind2=" " tag="852"><subfield code="a">1071</subfield></datafield></record></collection>